%% Created using Papers on Sun, 01 Dec 2019.
%% http://papersapp.com/papers/

@article{Brass:1975vl,
author = {Brass, William},
title = {{Methods for estimating fertility and mortality from limited and defective data.}},
journal = {Methods for estimating fertility and mortality from limited and defective data.},
year = {1975}
}

@techreport{sdgsResolution2015,
author = {{United Nations General Assembly}},
title = {{Transforming our world: the 2030 Agenda for Sustainable Development}},
year = {2015},
month = sep
}

@article{Verhulst:2017gu,
author = {Verhulst, Andrea},
title = {{Child mortality estimation: An assessment of summary birth history methods using microsimulation}},
year = {2017},
pages = {1--56},
month = feb
}

@article{Schmertmann:2018dz,
author = {Schmertmann, Carl P and Hauer, Mathew E},
title = {{Bayesian estimation of total fertility from a population's age{\textendash}sex structure}},
journal = {Statistical Modelling},
year = {2018},
volume = {19},
number = {3},
pages = {225--247},
month = jun
}

@article{Mathers:2010tq,
author = {Mathers, Colin and Boerma, Ties},
title = {{Mortality measurement matters: improving data collection and estimation methods for child and adult mortality}},
journal = {Plos Medicine},
year = {2010},
volume = {7},
number = {4},
pages = {e1000265}
}

@book{brass1964uses,
author = {Brass, William},
title = {{Uses of census or survey data for the estimation of vital rates}},
publisher = {UN},
year = {1964}
}

@article{Rajaratnam:2010fd,
author = {Rajaratnam, Julie Knoll and Tran, Linda N and Lopez, Alan D and Murray, Christopher J L},
title = {{Measuring Under-Five Mortality: Validation of New Low-Cost Methods}},
journal = {Plos Medicine},
year = {2010},
volume = {7},
number = {4},
pages = {e1000253--24},
month = apr
}

@article{Schmertmann:2019wm,
author = {Schmertmann, Carl P},
title = {{Probabilistic Indirect Estimation of Under-Five Mortality}},
year = {2019},
pages = {1--22},
month = sep
}

@article{Clark:2015tp,
author = {Clark, Samuel J},
title = {{A singular value decomposition-based factorization and parsimonious component model of demographic quantities correlated by age: Predicting complete demographic age schedules with few parameters}},
journal = {arXiv preprint arXiv:1504.02057},
year = {2015}
}

@article{croft2018guide,
  title={Guide to DHS statistics},
  author={Croft, Trevor N and Marshall, Aileen MJ and Allen, Courtney K and others},
  journal={Rockville, Maryland, USA: ICF},
  year={2018}
}
SupportCancel

